<?xml version="1.0" encoding="UTF-8"?><record xmlns="http://www.loc.gov/MARC21/slim" xmlns:cinclude="http://apache.org/cocoon/include/1.0" xmlns:zs="http://www.loc.gov/zing/srw/">
  <leader>00534cz  a2200157n  4500</leader>
  <controlfield tag="001">n  79096242 </controlfield>
  <controlfield tag="003">DLC</controlfield>
  <controlfield tag="005">20130319160429.0</controlfield>
  <controlfield tag="008">790824n| azannaabn          |b aaa      </controlfield>
  <datafield tag="010" ind1=" " ind2=" ">
    <subfield code="a">n  79096242 </subfield>
  </datafield>
  <datafield tag="035" ind1=" " ind2=" ">
    <subfield code="a">(OCoLC)oca00328467</subfield>
  </datafield>
  <datafield tag="040" ind1=" " ind2=" ">
    <subfield code="a">DLC</subfield>
    <subfield code="b">eng</subfield>
    <subfield code="e">rda</subfield>
    <subfield code="c">DLC</subfield>
    <subfield code="d">OCoLC</subfield>
    <subfield code="d">DLC</subfield>
  </datafield>
  <datafield tag="046" ind1=" " ind2=" ">
    <subfield code="f">1891</subfield>
    <subfield code="g">1972</subfield>
  </datafield>
  <datafield tag="100" ind1="0" ind2=" ">
    <subfield code="a">Ātmānanda Brahmacārī,</subfield>
    <subfield code="c">Swami,</subfield>
    <subfield code="d">1891-1972</subfield>
  </datafield>
  <datafield tag="400" ind1="1" ind2=" ">
    <subfield code="a">Brahmacārī, Ātmānanda,</subfield>
    <subfield code="c">Swami</subfield>
  </datafield>
  <datafield tag="670" ind1=" " ind2=" ">
    <subfield code="a">His Advaita sādhanāra sampada, 1976:</subfield>
    <subfield code="b">t.p. (Swami Ātmānanda Brahmacārī; b. 1/21/1891; d. 1/21/1972)</subfield>
  </datafield>
</record>